<?xml version="1.0" encoding="UTF-8"?><collection xmlns="http://www.loc.gov/MARC21/slim"><record><leader>00409nam--2200145-i-4500</leader><controlfield tag="001">000032190</controlfield><controlfield tag="002">20161230</controlfield><controlfield tag="005">20161230201039</controlfield><controlfield tag="008">060222s1000------------r-----000-0-eng-d</controlfield><datafield ind1=" " ind2=" " tag="100"><subfield code="a">Marcus Marvin</subfield></datafield><datafield ind1=" " ind2=" " tag="245"><subfield code="a">Basic theorems in matrix theory</subfield></datafield><datafield ind1=" " ind2=" " tag="260"><subfield code="a">Washington, National Bureau Of Stand., 1960, Iv + 27p</subfield></datafield><datafield ind1=" " ind2=" " tag="490"><subfield code="a">Applied Mathematics Series</subfield></datafield><datafield ind1=" " ind2=" " tag="852"><subfield code="a">16361</subfield><subfield code="c">512.831</subfield></datafield><datafield ind1=" " ind2=" " tag="CAT"><subfield code="a">Sys</subfield><subfield code="c">20080520</subfield><subfield code="h">150709</subfield></datafield></record></collection>